@misc{bird2002transport,
  title={Transport Phenomena},
  author={Bird, R Byron and Stewart, WE and Lightfoot, EN},
  year={2002},
  publisher={John Wiley \& Sons, Inc.}
}